<record><leader>00000cas a22000007a 4500</leader><controlfield tag="001">10849183</controlfield><controlfield tag="008">840615d184u1864nyuwr ne      0    0eng d</controlfield><datafield ind1=" " ind2=" " tag="010"><subfield code="a">sn 84031325 </subfield></datafield><datafield ind1=" " ind2=" " tag="040"><subfield code="a">NYG</subfield><subfield code="b">eng</subfield><subfield code="c">NYG</subfield><subfield code="d">NPX</subfield><subfield code="d">NYG</subfield><subfield code="d">NYS</subfield><subfield code="d">OCL</subfield><subfield code="d">UKMGB</subfield><subfield code="d">OCLCQ</subfield><subfield code="d">OCLCF</subfield><subfield code="d">OCLCO</subfield><subfield code="d">NYG</subfield><subfield code="d">OCL</subfield></datafield><datafield ind1="7" ind2=" " tag="016"><subfield code="a">011778107</subfield><subfield code="2">Uk</subfield></datafield><datafield ind1=" " ind2=" " tag="042"><subfield code="a">msc</subfield></datafield><datafield ind1=" " ind2=" " tag="043"><subfield code="a">n-us-ny</subfield></datafield><datafield ind1="0" ind2=" " tag="130"><subfield code="a">Whitehall chronicle (Whitehall, N.Y. : 1849)</subfield></datafield><datafield ind1="1" ind2="4" tag="245"><subfield code="a">The Whitehall chronicle.</subfield></datafield><datafield ind1=" " ind2=" " tag="260"><subfield code="a">Whitehall, N.Y. :</subfield><subfield code="b">H.T. Blanchard</subfield></datafield><datafield ind1=" " ind2=" " tag="300"><subfield code="a">v. :</subfield><subfield code="b">ill.</subfield></datafield><datafield ind1=" " ind2=" " tag="310"><subfield code="a">Weekly</subfield></datafield><datafield ind1="1" ind2=" " tag="362"><subfield code="a">Ceased in Dec. 1864.</subfield></datafield><datafield ind1=" " ind2=" " tag="500"><subfield code="a">Editor: Asa S. Jones, &lt;1852&gt;.</subfield></datafield><datafield ind1=" " ind2=" " tag="500"><subfield code="a">Publishers: Blount &amp; Jones, &lt;1851&gt;; Blount, Smith &amp; Co., &lt;1852&gt;; Blount &amp; Skinner, &lt;1853&gt;; B.B. Smith, &lt;1856&gt;; H.D. Morris, &lt;1857&gt;.</subfield></datafield><datafield ind1=" " ind2=" " tag="530"><subfield code="a">Available on microfilm from Capital Microfilm Services, Inc.</subfield></datafield><datafield ind1=" " ind2=" " tag="588"><subfield code="a">Description based on: Vol. 8, no. 49 (Dec. 14, 1849).</subfield></datafield><datafield ind1=" " ind2="0" tag="651"><subfield code="a">Whitehall (N.Y.)</subfield><subfield code="v">Newspapers.</subfield></datafield><datafield ind1=" " ind2="0" tag="651"><subfield code="a">Washington County (N.Y.)</subfield><subfield code="v">Newspapers.</subfield></datafield><datafield ind1=" " ind2="7" tag="651"><subfield code="a">New York (State)</subfield><subfield code="z">Washington County.</subfield><subfield code="2">fast</subfield><subfield code="0">(OCoLC)fst01220667</subfield></datafield><datafield ind1=" " ind2="7" tag="651"><subfield code="a">New York (State)</subfield><subfield code="z">Whitehall.</subfield><subfield code="2">fast</subfield><subfield code="0">(OCoLC)fst01232615</subfield></datafield><datafield ind1=" " ind2="7" tag="655"><subfield code="a">Newspapers.</subfield><subfield code="2">fast</subfield><subfield code="0">(OCoLC)fst01423814</subfield></datafield><datafield ind1=" " ind2=" " tag="752"><subfield code="a">United States</subfield><subfield code="b">New York</subfield><subfield code="c">Washington</subfield><subfield code="d">Whitehall.</subfield></datafield><datafield ind1="0" ind2="0" tag="780"><subfield code="t">Whitehall evening chronicle</subfield><subfield code="w">(DLC)sn 85054097</subfield><subfield code="w">(OCoLC)11715072</subfield></datafield><datafield ind1="0" ind2="0" tag="785"><subfield code="t">Washington County chronicle</subfield><subfield code="w">(DLC)sn 84031326</subfield><subfield code="w">(OCoLC)10849280</subfield></datafield></record>